<record><leader>00000cas a22000007a 4500</leader><controlfield tag="001">15087167</controlfield><controlfield tag="008">870119d1942194utxuwr ne     o0    0eng d</controlfield><datafield ind1=" " ind2=" " tag="010"><subfield code="a">sn 86090774 </subfield></datafield><datafield ind1=" " ind2=" " tag="040"><subfield code="a">PPM</subfield><subfield code="b">eng</subfield><subfield code="c">PPM</subfield><subfield code="d">OCLCQ</subfield></datafield><datafield ind1=" " ind2=" " tag="042"><subfield code="a">msc</subfield></datafield><datafield ind1="0" ind2=" " tag="130"><subfield code="a">Blazon (Fort Sam Houston, Tex. : 1942)</subfield></datafield><datafield ind1="1" ind2="4" tag="245"><subfield code="a">The Blazon.</subfield></datafield><datafield ind1=" " ind2=" " tag="260"><subfield code="a">Fort Sam Houston, Tex. :</subfield><subfield code="b">[s.n.]</subfield></datafield><datafield ind1=" " ind2=" " tag="310"><subfield code="a">Weekly</subfield></datafield><datafield ind1="1" ind2=" " tag="362"><subfield code="a">Began Dec. 25, 1942.</subfield></datafield><datafield ind1=" " ind2=" " tag="500"><subfield code="a">"Published ... by and for the officers and men of Fort Sam Houston."</subfield></datafield><datafield ind1=" " ind2=" " tag="530"><subfield code="a">Also on microfilm: Austin, Texas: The University of Texas, Center for American History.</subfield></datafield><datafield ind1=" " ind2=" " tag="752"><subfield code="a">United States</subfield><subfield code="b">Texas</subfield><subfield code="c">Bexar</subfield><subfield code="d">San Antonio.</subfield></datafield><datafield ind1=" " ind2=" " tag="752"><subfield code="a">United States</subfield><subfield code="b">Texas</subfield><subfield code="c">Bexar</subfield><subfield code="d">Fort Sam Houston.</subfield></datafield><datafield ind1="0" ind2="0" tag="780"><subfield code="t">Spearhead</subfield><subfield code="w">(DLC)sn9100072522</subfield></datafield></record>